%% This BibTeX bibliography file was created using BibDesk.
%% http://bibdesk.sourceforge.net/


%% Created for Lauro Cesar Araujo at 2015-04-27 19:43:45 -0300 


%% Saved with string encoding Unicode (UTF-8) 


@book{cressie2015statistics,
  title={Statistics for Spatial Data},
  author={Cressie, N.},
  isbn={9781119115182},
  lccn={2015024512},
  series={Wiley Series in Probability and Statistics},
  url={https://books.google.com.br/books?id=MzN\_BwAAQBAJ},
  year={2015},
  publisher={Wiley}
}


@book{tan2013introduction,
  title={Introduction to Data Mining},
  author={Tan, P.N. and Steinbach, M. and Kumar, V.},
  isbn={9780133128901},
  url={https://books.google.com.br/books?id=\_ZQ4MQEACAAJ},
  year={2013},
  publisher={Addison-Wesley}
}


@article{kulldorff1997spatial,
  title={A spatial scan statistic},
  author={Kulldorff, Martin},
  journal={Communications in Statistics-Theory and methods},
  volume={26},
  number={6},
  pages={1481--1496},
  year={1997},
  publisher={Taylor \& Francis}
}

@inproceedings{eberhart1995new,
  title={A new optimizer using particle swarm theory},
  author={Eberhart, Russ C and Kennedy, James and others},
  booktitle={Proceedings of the sixth international symposium on micro machine and human science},
  volume={1},
  pages={39--43},
  year={1995},
  organization={New York, NY}
}

@article{fernandes2012detecccao,
  title={Detec{\c{c}}{\~a}o, identifica{\c{c}}{\~a}o e infer{\^e}ncia de conglomerados espaciais de fraudes banc{\'a}rias em uma institui{\c{c}}{\~a}o financeira no centro-oeste do Brasil},
  author={Fernandes, Lucas Barbosa and Reis, Samuel Dornelas de Souza},
  year={2012}
}
