@inproceedings{macqueen1967some,
  title={Some methods for classification and analysis of multivariate observations},
  author={MacQueen, James and others},
  booktitle={Proceedings of the fifth Berkeley symposium on mathematical statistics and probability},
  volume={1},
  number={14},
  pages={281--297},
  year={1967},
  organization={Oakland, CA, USA.}
}

@article{steinhaus1956division,
  title={Sur la division des corp materiels en parties},
  author={Steinhaus, Hugo},
  journal={Bull. Acad. Polon. Sci},
  volume={1},
  number={804},
  pages={801},
  year={1956}
}

@inproceedings{eberhart1995new,
  title={A new optimizer using particle swarm theory},
  author={Eberhart, Russ C and Kennedy, James and others},
  booktitle={Proceedings of the sixth international symposium on micro machine and human science},
  volume={1},
  pages={39--43},
  year={1995},
  organization={New York, NY}
}


@article{jain2010data,
  title={Data clustering: 50 years beyond K-means},
  author={Jain, Anil K},
  journal={Pattern recognition letters},
  volume={31},
  number={8},
  pages={651--666},
  year={2010},
  publisher={Elsevier}
}

@article{kulldorff1997spatial,
  title={A spatial scan statistic},
  author={Kulldorff, Martin},
  journal={Communications in Statistics-Theory and methods},
  volume={26},
  number={6},
  pages={1481--1496},
  year={1997},
  publisher={Taylor \& Francis}
}

@article{kulldorff2006elliptic,
  title={An elliptic spatial scan statistic},
  author={Kulldorff, Martin and Huang, Lan and Pickle, Linda and Duczmal, Luiz},
  journal={Statistics in medicine},
  volume={25},
  number={22},
  pages={3929--3943},
  year={2006},
  publisher={Wiley Online Library}
}

@online{_satscan_????,
	title = {{SaTScan} - Software for the spatial, temporal, and space-time scan statistics},
	url = {http://satscan.org/},
	urldate = {2016-11-22},
	file = {SaTScan - Software for the spatial, temporal, and space-time scan statistics:files/7/satscan.org.html:text/html}
}


@online{_free_????,
	title = {Free software - Wikipedia},
	url = {https://en.wikipedia.org/wiki/Free_software},
	urldate = {2016-11-22},
	file = {Free software - Wikipedia:/Users/augusto/Library/Application Support/Firefox/Profiles/4k36m2zm.default-1474282733234/zotero/storage/2URT2223/Free_software.html:text/html}
}


@online{_its_????,
	title = {It's crantastic!},
	url = {http://www.crantastic.org/},
	urldate = {2016-11-22},
	file = {It's crantastic!:/Users/augusto/Library/Application Support/Firefox/Profiles/4k36m2zm.default-1474282733234/zotero/storage/9IQI5BKZ/www.crantastic.org.html:text/html}
}


@online{_github_????,
	title = {{GitHub}},
	url = {https://github.com/},
	urldate = {2016-11-22},
	file = {GitHub:/Users/augusto/Library/Application Support/Firefox/Profiles/4k36m2zm.default-1474282733234/zotero/storage/G7ZTU6N6/github.com.html:text/html}
}


@online{_rpubs_????,
	title = {{RPubs} - Profile llr.ksc},
	url = {http://rpubs.com/augustoo/ksc-profile},
	urldate = {2016-11-22},
	file = {RPubs - Profile llr.ksc:/Users/augusto/Library/Application Support/Firefox/Profiles/4k36m2zm.default-1474282733234/zotero/storage/SB9DBQ4C/ksc-profile.html:text/html}
}

@book{burns2012r,
  title={The R inferno},
  author={Burns, Patrick},
  year={2012},
  publisher={Lulu. com}
}


@article{kulldorff2006elliptic,
  title={An elliptic spatial scan statistic},
  author={Kulldorff, Martin and Huang, Lan and Pickle, Linda and Duczmal, Luiz},
  journal={Statistics in medicine},
  volume={25},
  number={22},
  pages={3929--3943},
  year={2006},
  publisher={Wiley Online Library}
}


@inproceedings{shi2001particle,
  title={Particle swarm optimization: developments, applications and resources},
  author={Shi, Yuhui and others},
  booktitle={evolutionary computation, 2001. Proceedings of the 2001 Congress on},
  volume={1},
  pages={81--86},
  year={2001},
  organization={IEEE}
}

@incollection{beni1993swarm,
  title={Swarm intelligence in cellular robotic systems},
  author={Beni, Gerardo and Wang, Jing},
  booktitle={Robots and Biological Systems: Towards a New Bionics?},
  pages={703--712},
  year={1993},
  publisher={Springer}
}

