@article{kulldorff1999spatial,
  title={Spatial scan statistics: models, calculations, and applications},
  author={Kulldorff, Martin},
  journal={Scan statistics and applications},
  pages={303--322},
  year={1999},
  publisher={Springer}
}


@article{kulldorff1997spatial,
	Author = {Kulldorff, Martin},
	Journal = {Communications in Statistics-Theory and methods},
	Number = {6},
	Pages = {1481--1496},
	Publisher = {Taylor \& Francis},
	Title = {A spatial scan statistic},
	Volume = {26},
	Year = {1997}}


@article{kulldorff2006elliptic,
	Author = {Kulldorff, Martin and Huang, Lan and Pickle, Linda and Duczmal, Luiz},
	Journal = {Statistics in medicine},
	Number = {22},
	Pages = {3929--3943},
	Publisher = {Wiley Online Library},
	Title = {An elliptic spatial scan statistic},
	Volume = {25},
	Year = {2006}}


@inproceedings{eberhart1995new,
  title={A new optimizer using particle swarm theory},
  author={Eberhart, Russell and Kennedy, James},
  booktitle={Micro Machine and Human Science, 1995. MHS'95., Proceedings of the Sixth International Symposium on},
  pages={39--43},
  year={1995},
  organization={IEEE}
}

@book{kennedy2001swarm,
  title={Swarm intelligence},
  author={Kennedy, James F and Kennedy, James and Eberhart, Russell C and Shi, Yuhui},
  year={2001},
  publisher={Morgan Kaufmann}
}

@article{van2001analysis,
  title={An Analysis of Particle Swarm Optimizers (PSO)},
  author={Van Den Bergh, Frans},
  year={2001}
}

@inproceedings{clerc1999swarm,
  title={The swarm and the queen: towards a deterministic and adaptive particle swarm optimization},
  author={Clerc, Maurice},
  booktitle={Evolutionary Computation, 1999. CEC 99. Proceedings of the 1999 Congress on},
  volume={3},
  pages={1951--1957},
  year={1999},
  organization={IEEE}
}

@article{clerc2002particle,
  title={The particle swarm-explosion, stability, and convergence in a multidimensional complex space},
  author={Clerc, Maurice and Kennedy, James},
  journal={IEEE transactions on Evolutionary Computation},
  volume={6},
  number={1},
  pages={58--73},
  year={2002},
  publisher={IEEE}
}

@inproceedings{kennedy1997particle,
  title={The particle swarm: social adaptation of knowledge},
  author={Kennedy, James},
  booktitle={Evolutionary Computation, 1997., IEEE International Conference on},
  pages={303--308},
  year={1997},
  organization={IEEE}
}


@inproceedings{kennedy1997discrete,
  title={A discrete binary version of the particle swarm algorithm},
  author={Kennedy, James and Eberhart, Russell C},
  booktitle={Systems, Man, and Cybernetics, 1997. Computational Cybernetics and Simulation., 1997 IEEE International Conference on},
  volume={5},
  pages={4104--4108},
  year={1997},
  organization={IEEE}
}

@book{cressie2015statistics,
  title={Statistics for spatial data},
  author={Cressie, Noel},
  year={2015},
  publisher={John Wiley \& Sons}
}

@article{naus1965distribution,
  title={The distribution of the size of the maximum cluster of points on a line},
  author={Naus, Joseph I},
  journal={Journal of the American Statistical Association},
  volume={60},
  number={310},
  pages={532--538},
  year={1965},
  publisher={Taylor \& Francis Group}
}

@article{naus1965clustering,
  title={Clustering of random points in two dimensions},
  author={Naus, Joseph I},
  journal={Biometrika},
  volume={52},
  number={1/2},
  pages={263--267},
  year={1965},
  publisher={JSTOR}
}

@article{fogel1994introduction,
  title={An introduction to simulated evolutionary optimization},
  author={Fogel, David B},
  journal={IEEE transactions on neural networks},
  volume={5},
  number={1},
  pages={3--14},
  year={1994},
  publisher={IEEE}
}

@article{back1997evolutionary,
  title={Evolutionary computation: Comments on the history and current state},
  author={Back, Thomas and Hammel, Ulrich and Schwefel, H-P},
  journal={IEEE transactions on Evolutionary Computation},
  volume={1},
  number={1},
  pages={3--17},
  year={1997},
  publisher={IEEE}
}

@inproceedings{shi2001particle,
  title={Particle swarm optimization: developments, applications and resources},
  author={Shi, Yuhui and others},
  booktitle={evolutionary computation, 2001. Proceedings of the 2001 Congress on},
  volume={1},
  pages={81--86},
  year={2001},
  organization={IEEE}
}

@book{diggle2013statistical,
  title={Statistical analysis of spatial and spatio-temporal point patterns},
  author={Diggle, Peter J},
  year={2013},
  publisher={CRC Press}
}

